 @article{2014, ISSN={1945-0699}, url={http://dx.doi.org/10.1063/pt.5.028530}, DOI={10.1063/pt.5.028530}, journal={Physics Today}, publisher={AIP Publishing}, year={2014} }
