 @article{Prandota_2023, title={Solving the New Puzzle(s) 2014-2022: Flammer Syndrome Probably Represents a Mild Endophenotype of Raynaudâ€™s Phenomenon Mainly Associated with Ocular Disturbances and Also Due to Latent T. gondii Infection}, volume={3}, url={http://dx.doi.org/10.53043/2832-7551.jcmcr.3.007}, DOI={10.53043/2832-7551.jcmcr.3.007}, number={2}, journal={Journal of Clinical Medicine: Current Research}, publisher={ACAD-WISE}, author={Prandota, Joseph}, year={2023}, month=jun }
